@misc{spec2mol,
author="Eleni Litsa and others", 
title="{Spec2Mol}: An end-to-end deep learning framework for translating {MS/MS} Spectra to de-novo molecules",
url="https://chemrxiv.org/engage/chemrxiv/article-details/613e83a7656369203b2a249b",
year=2021
}


@misc{vaems,
author="Svetlana Kutuzova and others", 
title="Bi-modal Variational Autoencoders for Metabolite Identification Using Tandem Mass Spectrometry",
url="https://www.biorxiv.org/content/10.1101/2021.08.03.454944v1.full",
year=2021
}

@article{massgenie,
author="A.D.Shrivastava and others", 
title="{MassGenie}: A Transformer-Based Deep Learning Method for Identifying Small Molecules from Their Mass Spectra",
url="https://www.ncbi.nlm.nih.gov/pmc/articles/PMC8699281/",
journal="Biomolecules",
year=2021,
volume=11,
number=12
}

@article{msnovelist,
author="M.A.Stravs and others",
title="{MSNovelist}: De novo structure generation from mass spectra", 
journal="Nature Methods",
volume=19,
year=2022
}

@misc{nist,
author="P.J. Linstrom and W.G. Mallard", 
title="{NIST} Chemistry WebBook, {NIST} Standard Reference Database Number 69",
howpublished="National Institute of Standards and Technology, Gaithersburg MD, 20899", 
url="https://doi.org/10.18434/T4D303",
}

@masterthesis{stary,
author="Michal Star√Ω",
title="Prediction of missing peaks in mass spectra",
year=2022
}

@article{zinc,
title="{ZINC}: A Free Tool to Discover Chemistry for Biology",
author="Irwin and Sterling and Mysinger and Bolstad and Coleman",
journal="J. Chem. Inf. Model. ",
year=2012,
DOI="10.1021/ci3001277",
}

@article{neims,
author = {Ji, Hongchao and Deng, Hanzi and Lu, Hongmei and Zhang, Zhimin},
title = {Predicting a Molecular Fingerprint from an Electron Ionization Mass Spectrum with Deep Neural Networks},
journal = {Analytical Chemistry},
volume = {92},
number = {13},
pages = {8649-8653},
year = {2020},
doi = {10.1021/acs.analchem.0c01450},
    note ={PMID: 32584545},
}

@article{spec2vec,
    doi = {10.1371/journal.pcbi.1008724},
    author = {Huber, Florian AND Ridder, Lars AND Verhoeven, Stefan AND Spaaks, Jurriaan H. AND Diblen, Faruk AND Rogers, Simon AND van der Hooft, Justin J. J.},
    journal = {PLOS Computational Biology},
    publisher = {Public Library of Science},
    title = {Spec2Vec: Improved mass spectral similarity scoring through learning of structural relationships},
    year = {2021},
    month = {02},
    volume = {17},
    url = {https://doi.org/10.1371/journal.pcbi.1008724},
    pages = {1-18},
}

@article{mona,
author = {Horai, Hisayuki and Arita, Masanori and Kanaya, Shigehiko and Nihei, Yoshito and Ikeda, Tasuku and Suwa, Kazuhiro and Ojima, Yuya and Tanaka, Kenichi and Tanaka, Satoshi and Aoshima, Ken and Oda, Yoshiya and Kakazu, Yuji and Kusano, Miyako and Tohge, Takayuki and Matsuda, Fumio and Sawada, Yuji and Hirai, Masami and Nakanishi, Hiroki and Ikeda, Kazutaka and Nishioka, Takaaki},
year = {2010},
month = {07},
pages = {703-14},
title = {MassBank: A public repository for sharing mass spectral data for life sciences.J},
volume = {45},
journal = {Journal of mass spectrometry : JMS},
doi = {10.1002/jms.1777}
}

@article{aplcms,
author="Yu T and Park Y and Johnson JM and Jones DP",
title="{apLCMS}--adaptive processing of high-resolution {LC/MS} data",
journal="Bioinformatics",
year=2009,
volume=25,
doi="10.1093/bioinformatics/btp291",
}
